%YAML 1.1
%TAG !u! tag:unity3d.com,2011:
--- !u!1 &4446889062945621785
GameObject:
  m_ObjectHideFlags: 0
  m_CorrespondingSourceObject: {fileID: 0}
  m_PrefabInstance: {fileID: 0}
  m_PrefabAsset: {fileID: 0}
  serializedVersion: 6
  m_Component:
  - component: {fileID: 6632880240881860840}
  - component: {fileID: 5365977774445741891}
  - component: {fileID: -6992104684834882770}
  - component: {fileID: 7063162099022602945}
  - component: {fileID: 3833968090169120821}
  - component: {fileID: -6980449614564585897}
  - component: {fileID: 7057924602565377309}
  m_Layer: 0
  m_Name: ProjectContext
  m_TagString: Untagged
  m_Icon: {fileID: 0}
  m_NavMeshLayer: 0
  m_StaticEditorFlags: 0
  m_IsActive: 1
--- !u!4 &6632880240881860840
Transform:
  m_ObjectHideFlags: 0
  m_CorrespondingSourceObject: {fileID: 0}
  m_PrefabInstance: {fileID: 0}
  m_PrefabAsset: {fileID: 0}
  m_GameObject: {fileID: 4446889062945621785}
  m_LocalRotation: {x: 0, y: 0, z: 0, w: 1}
  m_LocalPosition: {x: 0, y: 0, z: 0}
  m_LocalScale: {x: 1, y: 1, z: 1}
  m_Children: []
  m_Father: {fileID: 0}
  m_RootOrder: 0
  m_LocalEulerAnglesHint: {x: 0, y: 0, z: 0}
--- !u!114 &5365977774445741891
MonoBehaviour:
  m_ObjectHideFlags: 0
  m_CorrespondingSourceObject: {fileID: 0}
  m_PrefabInstance: {fileID: 0}
  m_PrefabAsset: {fileID: 0}
  m_GameObject: {fileID: 4446889062945621785}
  m_Enabled: 1
  m_EditorHideFlags: 0
  m_Script: {fileID: 11500000, guid: a4e6589720da476459dc6dd71624b071, type: 3}
  m_Name: 
  m_EditorClassIdentifier: 
  _scriptableObjectInstallers: []
  _monoInstallers:
  - {fileID: -6992104684834882770}
  - {fileID: 7063162099022602945}
  - {fileID: 7057924602565377309}
  - {fileID: 3833968090169120821}
  - {fileID: -6980449614564585897}
  _installerPrefabs: []
  _parentNewObjectsUnderContext: 1
  _editorReflectionBakingCoverageMode: 0
  _buildsReflectionBakingCoverageMode: 0
  _settings:
    _ensureDeterministicDestructionOrderOnApplicationQuit: 0
    _displayWarningWhenResolvingDuringInstall: 1
    _validationRootResolveMethod: 0
    _validationErrorResponse: 0
    _signalSettings:
      _defaultSyncMode: 0
      _missingHandlerDefaultResponse: 2
      _requireStrictUnsubscribe: 0
      _defaultAsyncTickPriority: 1
--- !u!114 &-6992104684834882770
MonoBehaviour:
  m_ObjectHideFlags: 0
  m_CorrespondingSourceObject: {fileID: 0}
  m_PrefabInstance: {fileID: 0}
  m_PrefabAsset: {fileID: 0}
  m_GameObject: {fileID: 4446889062945621785}
  m_Enabled: 1
  m_EditorHideFlags: 0
  m_Script: {fileID: 11500000, guid: 76c7c49ab9eae694ab7280828ce0ebf6, type: 3}
  m_Name: 
  m_EditorClassIdentifier: 
  _oneButtonPopupPrefab:
    m_AssetGUID: 60576349471f76a46a86442b2a16445a
    m_SubObjectName: 
  _confirmationPopupPrefab:
    m_AssetGUID: ffde4048b0b8ff1438299919b1a0ced5
    m_SubObjectName: 
  _fadeScreen:
    m_AssetGUID: 8454c9c6d7e25244ca6f1ecfea9e7c00
    m_SubObjectName: 
--- !u!114 &7063162099022602945
MonoBehaviour:
  m_ObjectHideFlags: 0
  m_CorrespondingSourceObject: {fileID: 0}
  m_PrefabInstance: {fileID: 0}
  m_PrefabAsset: {fileID: 0}
  m_GameObject: {fileID: 4446889062945621785}
  m_Enabled: 1
  m_EditorHideFlags: 0
  m_Script: {fileID: 11500000, guid: a96947c9f0b19f5448b54fc4e75b80f7, type: 3}
  m_Name: 
  m_EditorClassIdentifier: 
  _loadScreenPrefab:
    m_AssetGUID: 70628e99d093fd741a2d7a49cbeafe22
    m_SubObjectName: 
--- !u!114 &3833968090169120821
MonoBehaviour:
  m_ObjectHideFlags: 0
  m_CorrespondingSourceObject: {fileID: 0}
  m_PrefabInstance: {fileID: 0}
  m_PrefabAsset: {fileID: 0}
  m_GameObject: {fileID: 4446889062945621785}
  m_Enabled: 1
  m_EditorHideFlags: 0
  m_Script: {fileID: 11500000, guid: da4c03514cc0caa44b70589c765cb2de, type: 3}
  m_Name: 
  m_EditorClassIdentifier: 
--- !u!114 &-6980449614564585897
MonoBehaviour:
  m_ObjectHideFlags: 0
  m_CorrespondingSourceObject: {fileID: 0}
  m_PrefabInstance: {fileID: 0}
  m_PrefabAsset: {fileID: 0}
  m_GameObject: {fileID: 4446889062945621785}
  m_Enabled: 1
  m_EditorHideFlags: 0
  m_Script: {fileID: 11500000, guid: ea0b36cb6ee6bb64cb455f1e7c4a13a9, type: 3}
  m_Name: 
  m_EditorClassIdentifier: 
  _actionMap: {fileID: -944628639613478452, guid: 7e8aa493c5fa5fa43bfcbe77624d7cb7,
    type: 3}
  _spriteData: {fileID: 11400000, guid: 28ea3e9113446844f8c354ceadc9f79e, type: 2}
--- !u!114 &7057924602565377309
MonoBehaviour:
  m_ObjectHideFlags: 0
  m_CorrespondingSourceObject: {fileID: 0}
  m_PrefabInstance: {fileID: 0}
  m_PrefabAsset: {fileID: 0}
  m_GameObject: {fileID: 4446889062945621785}
  m_Enabled: 1
  m_EditorHideFlags: 0
  m_Script: {fileID: 11500000, guid: 15f4e165f40d9564b9d5ce2179dc26fd, type: 3}
  m_Name: 
  m_EditorClassIdentifier: 
  _masterAdioMixer: {fileID: 24100000, guid: 28ad69d166a2d9a4ca34efa163311a03, type: 2}
